@article{bennett2014hybrid,
  title={Hybrid spectral micro-{CT}: system design, implementation, and preliminary results.},
  author={Bennett, James and Opie, Alex MT and Xu, Qiong and Yu, Hengyong and Walsh, Michael F and Butler, Anthony PH and Butler, Phillip and Cao, Guohua and Mohs, Aaron and Wang, Ge},
  journal={IEEE Trans. Biomed. Engineering},
  volume={61},
  number={2},
  pages={246--253},
  year={2014}
}

@article{duvall2011CZT,
author="Duvall, W. Lane
and Croft, Lori B.
and Ginsberg, Eric S.
and Einstein, Andrew J.
and Guma, Krista A.
and George, Titus
and Henzlova, Milena J.",
title="Reduced isotope dose and imaging time with a high-efficiency CZT SPECT camera",
journal="Journal of {N}uclear {C}ardiology",
year="2011",
month="Oct",
day="01",
volume="18",
number="5",
pages="847--857",
abstract="In light of recent focus on diagnostic imaging, cardiac SPECT imaging needs to become a shorter test with lower radiation exposure to patients. Recently introduced Cadmium Zinc Telluride (CZT) cameras have the potential to achieve both goals.",
issn="1532-6551",
doi="10.1007/s12350-011-9379-7",
url="https://doi.org/10.1007/s12350-011-9379-7"
}

@article{Beyer2011hybrid,
author="Beyer, Thomas
and Freudenberg, Lutz S.
and Townsend, David W.
and Czernin, Johannes",
title="The future of hybrid imaging---part 1: hybrid imaging technologies and SPECT/CT",
journal="Insights into Imaging",
year="2011",
month="Apr",
day="01",
volume="2",
number="2",
pages="161--169",
issn="1869-4101",
doi="10.1007/s13244-010-0063-2",
url="https://doi.org/10.1007/s13244-010-0063-2"
}

@proceeding{czt,
author = { Jack F. Butler,Stan J. Friesenhahn,Clinton L. Lingren,Boris A. Apotovsky,F. Patrick Doty,William L. Ashburn,William P. Dillon},
title = {Cd1-xZnxTe detector maging array},
journal = {Proc.{SPIE}},
volume = {1896},
number = {},
pages = {1896 - 1896 - 8},
year = {1993},
doi = {10.1117/12.154607},
URL = {https://doi.org/10.1117/12.154607},
eprint = {}
}

@article{johnson2007matdiffDECT,
author="Johnson, Thorsten R. C.
and Krau{\ss}, Bernhard
and Sedlmair, Martin
and Grasruck, Michael
and Bruder, Herbert
and Morhard, Dominik
and Fink, Christian
and Weckbach, Sabine
and Lenhard, Miriam
and Schmidt, Bernhard
and Flohr, Thomas
and Reiser, Maximilian F.
and Becker, Christoph R.",
title="Material differentiation by dual energy CT: initial experience",
journal="European {R}adiology",
year="2007",
month="Jun",
day="01",
volume="17",
number="6",
pages="1510--1517",
issn="1432-1084",
doi="10.1007/s00330-006-0517-6",
url="https://doi.org/10.1007/s00330-006-0517-6"
}

@article{yu2012dual,
  title={Dual-energy CT--based monochromatic imaging},
  author={Yu, Lifeng and Leng, Shuai and McCollough, Cynthia H},
  journal={American journal of {R}oentgenology},
  volume={199},
  number={5\_supplement},
  pages={S9--S15},
  year={2012},
  publisher={Am Roentgen Ray Soc}
}

@incollection{taguchi2015imaging,
  title={Imaging Technologies and Potential Clinical Applications of Photon-Counting X-Ray Computed Tomography},
  author={Taguchi, Katsuyuki},
  booktitle={Radiation Detectors for Medical Imaging},
  pages={149--168},
  year={2015},
  publisher={CRC Press}
}

@article{ghosh2008gold,
  title={Gold nanoparticles in delivery applications},
  author={Ghosh, Partha and Han, Gang and De, Mrinmoy and Kim, Chae Kyu and Rotello, Vincent M},
  journal={Advanced drug delivery reviews},
  volume={60},
  number={11},
  pages={1307--1315},
  year={2008},
  publisher={Elsevier}
}

@article{si2018multicolour,
  title={Multicolour imaging with spectral photon-counting CT: a phantom study},
  author={Si-Mohamed, Salim and Bar-Ness, Daniel and Sigovan, Monica and Tatard-Leitman, Val{\'e}rie and Cormode, David P and Naha, Pratap C and Coulon, Philippe and Rascle, Lucie and Roessl, Ewald and Rokni, Michal and others},
  journal={European radiology experimental},
  volume={2},
  number={1},
  pages={34},
  year={2018},
  publisher={Nature Publishing Group}
}

@article{feuerlein2008multienergy,
  title={Multienergy photon-counting K-edge imaging: potential for improved luminal depiction in vascular imaging},
  author={Feuerlein, Sebastian and Roessl, Ewald and Proksa, Roland and Martens, Gerhard and Klass, Oliver and Jeltsch, Martin and Rasche, Volker and Brambs, Hans-Juergen and Hoffmann, Martin HK and Schlomka, Jens-Peter},
  journal={Radiology},
  volume={249},
  number={3},
  pages={1010--1016},
  year={2008},
  publisher={Radiological Society of North America}
}

@article{alvarez1976energy,
  title={Energy-selective reconstructions in x-ray computerised tomography},
  author={Alvarez, Robert E and Macovski, Albert},
  journal={Physics in {M}edicine \& {B}iology},
  volume={21},
  number={5},
  pages={733},
  year={1976},
  publisher={IOP Publishing}
}

@article{anderson2010spectroscopic,
  title={Spectroscopic (multi-energy) {CT} distinguishes iodine and barium contrast material in {MICE}},
  author={Anderson, NG and Butler, AP and Scott, NJA and Cook, NJ and Butzer, JS and Schleich, N and Firsching, M and Grasset, R and De Ruiter, N and Campbell, M and others},
  journal={European radiology},
  volume={20},
  number={9},
  pages={2126--2134},
  year={2010},
  publisher={Springer}
}

@article{fornaro2011review,
  title={Dual-and multi-energy {CT}: approach to functional imaging},
  author={Fornaro, Juergen and Leschka, Sebastian and Hibbeln, Dennis and Butler, Anthony and Anderson, Nigel and Pache, Gregor and Scheffel, Hans and Wildermuth, Simon and Alkadhi, Hatem and Stolzmann, Paul},
  journal={Insights into {I}maging},
  volume={2},
  number={2},
  pages={149--159},
  year={2011},
  publisher={Springer}
}

@article{schlomka2008experimental,
  title={Experimental feasibility of multi-energy photon-counting {K}-edge imaging in pre-clinical computed tomography},
  author={Schlomka, JPea and Roessl, E and Dorscheid, R and Dill, S and Martens, G and Istel, T and B{\"a}umer, C and Herrmann, C and Steadman, R and Zeitler, G and others},
  journal={Physics in Medicine \& Biology},
  volume={53},
  number={15},
  pages={4031},
  year={2008},
  publisher={IOP Publishing}
}

@article{roessl2007k,
  title={K-edge imaging in x-ray computed tomography using multi-bin photon counting detectors},
  author={Roessl, E and Proksa, R},
  journal={Physics in Medicine \& Biology},
  volume={52},
  number={15},
  pages={4679},
  year={2007},
  publisher={IOP Publishing}
}

@inproceedings{holbrook2018development,
  title={Development of a spectral photon-counting micro-{CT} system with a translate-rotate geometry},
  author={Holbrook, M and Clark, DP and Barber, W and Badea, CT},
  booktitle={Medical Imaging 2018: Physics of Medical Imaging},
  volume={10573},
  pages={105731D},
  year={2018},
  organization={International Society for Optics and Photonics}
}

@article{munch2009stripe,
  title={Stripe and ring artifact removal with combined wavelet—{F}ourier filtering},
  author={M{\"u}nch, Beat and Trtik, Pavel and Marone, Federica and Stampanoni, Marco},
  journal={Optics express},
  volume={17},
  number={10},
  pages={8567--8591},
  year={2009},
  publisher={Optical Society of America}
}




@article{silva2011dualab,
author = {Silva, Alvin C. and Morse, Brian G. and Hara, Amy K. and Paden, Robert G. and Hongo, Norio and Pavlicek, William},
title = {Dual-Energy (Spectral) CT: Applications in Abdominal Imaging},
journal = {Radio{G}raphics},
volume = {31},
number = {4},
pages = {1031-1046},
year = {2011},
doi = {10.1148/rg.314105159},
    note ={PMID: 21768237},

URL = { 
        https://doi.org/10.1148/rg.314105159
    
},
eprint = { 
        https://doi.org/10.1148/rg.314105159
    
}}

@article{medipix3,
  title={Medipix3: A 64 k pixel detector readout chip working in single photon counting mode with improved spectrometric performance},
  author={Ballabriga, R and Campbell, M and Heijne, E and Llopart, X and Tlustos, L and Wong, Winnie},
  journal={Nuclear Instruments and Methods in Physics Research Section A: Accelerators, Spectrometers, Detectors and Associated Equipment},
  volume={633},
  pages={S15--S18},
  year={2011},
  publisher={Elsevier}
}

@article{kedge,
  title={Investigation of {X}-ray fluorescence computed tomography ({XFCT}) and {K}-edge imaging},
  author={Bazalova, Magdalena and Kuang, Yu and Pratx, Guillem and Xing, Lei},
  journal={IEEE Transactions on Medical Imaging},
  volume={31},
  number={8},
  pages={1620--1627},
  year={2012},
  publisher={IEEE}
}

@article{mouse,
author = {Edmond Hui, T. and Fisher, Darrell R. and Kuhn, Joseph A. and Williams, Lawrence E. and Nourigat, Cynthia and Badger, Christopher C. and Beatty, Barbara G. and David Beatty, J.},
title = {A mouse model for calculating cross-organ beta doses from yttrium-90-labeled immunoconjugates},
journal = {Cancer},
year = {1994},
volume = {73},
number = {S3},
pages = {951-957},
keywords = {yttrium-90, Berger's point kernel, beta dosimetry, Medical Internal Radiation Dose dosimetry, monoclonal antibodies, mouse model, nude mice, radioimmunoconjugates, small-scale dosimetry}
}

@article{geant4,
  title={GEANT4—a simulation toolkit},
  author={Agostinelli, Sea and Allison, John and Amako, K al and Apostolakis, John and Araujo, H and Arce, P and Asai, M and Axen, D and Banerjee, S and Barrand, G 2 and others},
  journal={Nuclear Instruments and Methods in Physics Research Section A: Accelerators, Spectrometers, Detectors and Associated Equipment},
  volume={506},
  number={3},
  pages={250-303},
  year={2003},
  publisher={Elsevier}
}

@article{hainfeld,
  title={The use of gold nanoparticles to enhance radiotherapy in mice},
  author={Hainfeld, James F and Slatkin, Daniel N and Smilowitz, Henry M},
  journal={Physics in Medicine \& Biology},
  volume={49},
  number={18},
  pages={N309},
  year={2004},
  publisher={IOP Publishing}
}

@article{khlebtsov,
  title={Biodistribution and toxicity of engineered gold nanoparticles: a review of in vitro and in vivo studies},
  author={Khlebtsov, Nikolai and Dykman, Lev},
  journal={Chemical Society Reviews},
  volume={40},
  number={3},
  pages={1647--1671},
  year={2011},
  publisher={Royal Society of Chemistry}
}

@article{topas,
  title={{TOPAS}: An innovative proton {M}onte {C}arlo platform for research and clinical applications},
  author={Perl, Joseph and Shin, Jungwook and Sch{\"u}mann, Jan and Faddegon, Bruce and Paganetti, Harald},
  journal={Medical physics},
  volume={39},
  number={11},
  pages={6818-6837},
  year={2012},
  publisher={Wiley Online Library}
}

@article{ricketts,
  title={A quantitative x-ray detection system for gold nanoparticle tumour biomarkers},
  author={Ricketts, K and Castoldi, Andrea and Guazzoni, Chiara and Ozkan, Cigdem and Christodoulou, C and Gibson, AP and Royle, GJ},
  journal={Physics in Medicine \& Biology},
  volume={57},
  number={17},
  pages={5543--5555},
  year={2012},
  publisher={IOP Publishing}
}


@book{rose,
   author = "Albert Rose",
   title = "Vision: Human and Electronic",
   publisher = "New York, NY: Plenum",
   year = "1973"
   }

@article{smallanimaldose,
  title={Small-animal X-ray dose from micro-CT},
  author={Boone, John M and Velazquez, Orlando and Cherry, Simon R},
  journal={Molecular imaging},
  volume={3},
  number={3},
  pages={15353500200404118},
  year={2004},
  publisher={SAGE Publications Sage CA: Los Angeles, CA}
}

@article{mlem,
  title={Maximum likelihood reconstruction for emission tomography},
  author={Shepp, Lawrence A and Vardi, Yehuda},
  journal={IEEE Transactions on Medical Imaging},
  volume={1},
  number={2},
  pages={113-122},
  year={1982},
  publisher={IEEE}
}

@book{xdb,
   author = "Thompson, A and Attwood, D and Gullikson, E and Howells, M and Kim, K-J and Kirz, J and Kortright, J and Lindau, I and Liu, Y and Pianetta, P and Robinson, A and Scofield, J and Underwood, J and Williams, G and Winick, W",
   title = "X-Ray Data Booklet",
   publisher = "Berkeley, CA: Lawrence Berkeley National Laboratory",
   year = "2009"
   }
   
@article{gadolNPs,
  title={Size-tunable, ultrasmall NaGdF4 nanoparticles: insights into their T1 MRI contrast enhancement},
  author={Johnson, Noah JJ and Oakden, Wendy and Stanisz, Greg J and Scott Prosser, R and van Veggel, Frank CJM},
  journal={Chemistry of Materials},
  volume={23},
  number={16},
  pages={3714--3722},
  year={2011},
  publisher={ACS Publications}
}
